@incollection{unit4,
author = {Galbrun, Laurent and Craik, R},
booktitle = {Architectural Acoustics},
title = {{Unit 4: Room Acoustics}},
year = {2018}
}


@incollection{unit2,
	author = {Galbrun, Laurent and Craik, R},
	booktitle = {Architectural Acoustics},
	title = {{Unit 2: Noise Metrics}},
	year = {2018}
}


@incollection{unit6,
	author = {Galbrun, Laurent and Craik, R},
	booktitle = {Architectural Acoustics},
	title = {{Unit 6: Duct-borne Noise}},
	year = {2018}
}